<collection xmlns="http://www.loc.gov/MARC21/slim">
<record>
  <leader>00814nam0a2200181 i 450 </leader>
  <controlfield tag="001">IT\ICCU\CNCE\078448</controlfield>
  <controlfield tag="005">20140313000000.0</controlfield>
  <datafield tag="012" ind1=" " ind2=" ">
    <subfield code="a">too, too, e.re toza (C) 15.. (Q)</subfield>
    <subfield code="2">fei</subfield>
  </datafield>
  <datafield tag="100" ind1=" " ind2=" ">
    <subfield code="a">20140313f15011600    0itac0103    ba</subfield>
  </datafield>
  <datafield tag="101" ind1=" " ind2=" ">
    <subfield code="a">ITA</subfield>
  </datafield>
  <datafield tag="102" ind1=" " ind2=" ">
    <subfield code="a">IT</subfield>
  </datafield>
  <datafield tag="200" ind1="1" ind2=" ">
    <subfield code="a">Historia del re Vespasiano, come fece crudel vendetta della morte di Giesu Christo contra gli perfidi Giudei; et del graue assedio che lui fece contra Gierusalem, in tal modo che la madre mangi ̣il proprio figliuolo, &amp; della crudel morte che fece Pilato,perche hauea sententiato Christo alla morte</subfield>
  </datafield>
  <datafield tag="210" ind1=" " ind2=" ">
    <subfield code="d">\15..!</subfield>
  </datafield>
  <datafield tag="215" ind1=" " ind2=" ">
    <subfield code="a">\4! c.</subfield>
    <subfield code="d">4ʻ</subfield>
  </datafield>
  <datafield tag="500" ind1="1" ind2="1">
    <subfield code="3">IT\ICCU\CNCE\073638</subfield>
    <subfield code="a">Storia della vendetta di Cristo</subfield>
  </datafield>
  <datafield tag="712" ind1="0" ind2="2">
    <subfield code="a">s.n.</subfield>
    <subfield code="3">IT\ICCU\CNCT\000002</subfield>
    <subfield code="4">650</subfield>
  </datafield>
  <datafield tag="801" ind1=" " ind2="3">
    <subfield code="a">IT</subfield>
    <subfield code="b">ICCU</subfield>
    <subfield code="c">20201115</subfield>
  </datafield>
  <datafield tag="899" ind1=" " ind2=" ">
    <subfield code="a">Biblioteca universitaria. Bologna</subfield>
    <subfield code="1">BO0098</subfield>
    <subfield code="2">UBO BU</subfield>
  </datafield>
</record>
</collection>
